@article{DBLP:journals/corr/abs-1802-08091,
  author    = {Miao Wang and
               Guo{-}Ye Yang and
               Jin{-}Kun Lin and
               Ariel Shamir and
               Song{-}Hai Zhang and
               Shao{-}Ping Lu and
               Shi{-}Min Hu},
  title     = {Deep Online Video Stabilization},
  journal   = {CoRR},
  volume    = {abs/1802.08091},
  year      = {2018},
  url       = {http://arxiv.org/abs/1802.08091},
  archivePrefix = {arXiv},
  eprint    = {1802.08091},
  timestamp = {Wed, 28 Mar 2018 12:42:11 +0200},
  biburl    = {https://dblp.org/rec/bib/journals/corr/abs-1802-08091},
  bibsource = {dblp computer science bibliography, https://dblp.org}
}

@ARTICLE {alanc.brooks2003,
    author = "Alan  C.  Brooks",
    title  = "Real-T ime Digital Image Stabilization",
    year   = "2003",
    note   = "EE 420 Image Processing Computer Project Final Paper"
}

@misc{BibEntry2018Aug,
	title = {{Fused Video Stabilization on the Pixel 2 and Pixel 2 XL}},
	journal = {Google AI Blog},
	year = {2018},
	month = {Aug},
	note = {[Online; accessed 11. Aug. 2018]},
	url = {https://ai.googleblog.com/2017/11/fused-video-stabilization-on-pixel-2.html}
}

@INPROCEEDINGS{797671,
author={A. Censi and A. Fusiello and V. Roberto},
booktitle={Proceedings 10th International Conference on Image Analysis and Processing},
title={Image stabilization by features tracking},
year={1999},
volume={},
number={},
pages={665-667},
keywords={motion compensation;image sequences;video signal processing;tracking;stability;feature extraction;feature tracking;image stabilization;video sequences;warping;camera motion;robust technique;homographies;motion compensation;mosaic images;RMS error;computational cost;frame rate;real-time implementation;Cameras;Layout;Motion compensation;Machine vision;Laboratories;Mathematics;Informatics;Video sequences;Read only memory;Computational efficiency},
doi={10.1109/ICIAP.1999.797671},
ISSN={},
month={Sept},}

@unknown{blockTang,
author = {Tang, Chongwu and Yang, Xiaokang and Chen, Li and Zhai, Guangtao},
year = {2011},
month = {10},
pages = {1-5},
title = {A fast video stabilization algorithm based on block matching and edge completion},
booktitle = {MMSP 2011 - IEEE International Workshop on Multimedia Signal Processing}
}
@INPROCEEDINGS{7115639, 
author={M. Garrigues and A. Manzanera},
booktitle={Proceedings of the 2014 Conference on Design and Architectures for Signal and Image Processing},
title={Video++, a modern image and video processing C++ framework},
year={2014},
volume={},
number={},
pages={1-6},
keywords={C++ language;program compilers;software libraries;video signal processing;Video++ framework;image processing;video processing;C++ framework;image applications;video applications;multicore processors;code generation;C++11 features;code optimization;C++14 features;Libraries;Image processing;Kernel;Containers;Streaming media;Standards;Benchmark testing},
doi={10.1109/DASIP.2014.7115639},
ISSN={},
month={Oct},}

@misc{OpenCVMe72:online,
author = {OpenCV},
title = {Meanshift and Camshift},
howpublished = {\url{https://docs.opencv.org/3.4/db/df8/tutorial_py_meanshift.html}},
month = {},
year = {},
note = {(Accessed on 10/12/2018)}
}

@misc{OpenCVcv11:online,
author = {OpenCV},
title = {cv::Mat Class Reference},
howpublished = {\url{https://docs.opencv.org/3.1.0/d3/d63/classcv_1_1Mat.html}},
month = {},
year = {},
note = {(Accessed on 10/12/2018)}
}
@misc{OpenCVcv94:online,
author = {OpenCV},
title = {cv::RotatedRect Class Reference},
howpublished = {\url{https://docs.opencv.org/3.4/db/dd6/classcv_1_1RotatedRect.html}},
month = {},
year = {},
note = {(Accessed on 10/12/2018)}
}


@MISC{Bradski98computervision,
    author = {Gary R. Bradski},
    title = {Computer Vision Face Tracking For Use in a Perceptual User Interface},
    year = {1998}
}


@misc{OpenCVme45:online,
author = {Eric Yuan},
title = {OpenCV, meanShift, camShift},
howpublished = {\url{http://eric-yuan.me/continuously-adaptive-shift/}},
month = {September},
year = {2013},
note = {(Accessed on 10/12/2018)}
}

@misc{matt42vp0:online,
author = {Matthieu Garrigues},
title = {matt-42/vpp: Video++, a C++14 high performance video and image processing library.},
howpublished = {\url{https://github.com/matt-42/vpp}},
month = {},
year = {},
note = {(Accessed on 10/12/2018)}
}
